%
% These are references used in KONECT.  
%
% This file is in UTF-8. 
%

%
% The reference to the KONECT website
%

@inproceedings{konect,
	title = {{KONECT} -- {The} {Koblenz} {Network} {Collection}},
	author = {Jérôme Kunegis},
	year = {2013},
	booktitle = {Proc. Int. Web Observatory Workshop},
	pages = {1343--1350},
	url = {http://userpages.uni-koblenz.de/~kunegis/paper/kunegis-koblenz-network-collection.pdf}, 
	url_presentation = {http://userpages.uni-koblenz.de/~kunegis/paper/kunegis-koblenz-network-collection.presentation.pdf},
}

@misc{konect:handbook,
	title = {Handbook of Network Analysis [{KONECT} -- the {Koblenz}
                  {Network} {Collection}]},  
	author = {Jérôme Kunegis},
	year = {2014},
	url = {http://konect.uni-koblenz.de/downloads/konect-handbook.pdf},
	url_arxiv = {http://arxiv.org/abs/1402.5500},
}

%
% The references for networks in KONECT 
%

@inproceedings{konect:takac2012,
  title={Data {A}nalysis in {P}ublic {S}ocial {N}etworks},
  author={Takac, Lubos and Zabovsky, Michal},
  booktitle={International Scientific Conference \& International Workshop Present Day Trends of Innovations},
  year={2012},
 address={Łomża},
 country={Poland}
}



@inproceedings{konect:lim2010,
 author = {Lim, Ee-Peng and Nguyen, Viet-An and Jindal, Nitin and Liu, Bing and Lauw, Hady Wirawan},
 title = {Detecting Product Review Spammers Using Rating Behaviors},
 booktitle = {Proc. Int. Conf. on Information and Knowledge Management},
 year = {2010},
 pages = {939--948},
} 

@incollection{konect:richardson2003,
  title={Trust {M}anagement for the {S}emantic {W}eb},
  author={Richardson, Matthew and Agrawal, Rakesh and Domingos, Pedro},
  booktitle={The Semantic Web-ISWC 2003},
  pages={351--368},
  year={2003},
  publisher={Springer}
}

@inproceedings{konect:jindal2008,
 author = {Jindal, Nitin and Liu, Bing},
 title = {Opinion Spam and Analysis},
 booktitle = {Proc. Int. Conf. on Web Search and Web Data Mining},
 year = {2008},
 pages = {219--230},
} 

@inproceedings{konect:mukherjee2012,
 author = {Mukherjee, Arjun and Liu, Bing and Glance, Natalie},
 title = {Spotting Fake Reviewer Groups in Consumer Reviews},
 booktitle = {Proc. Int. Conf. on World Wide Web},
 year = {2012},
 pages = {191--200},
} 


@article{konect:brandes09,
  author    = {Ulrik Brandes and
               J{\"u}rgen Lerner},
  title     = {Structural Similarity: Spectral Methods for Relaxed Blockmodeling},
  journal   = {J. Classification},
  volume    = {27},
  number    = {3},
  year      = {2010},
  pages     = {279-306},
}

@inproceedings{konect:kunegis2012,
 author = {Kunegis, J{\'e}r\^{o}me and Gr\"{o}ner, Gerd and Gottron, Thomas},
 title = {Online Dating Recommender Systems: The Split-complex Number Approach},
 booktitle = {Proc. RecSys Workshop on Recommender Systems and the Social Web},
 year = {2012},
 pages = {37--44},
} 

@inproceedings{konect:zhishi,
  author    = {Xing Niu and
               Xinruo Sun and
               Haofen Wang and
               Shu Rong and
               Guilin Qi and
               Yong Yu},
  title     = {{Zhishi.me} -- Weaving {Chinese} Linking Open Data},
  booktitle = {Proc. Int. Semantic Web Conf.},
  year      = {2011},
  pages     = {205--220},
}

@article{konect:sociopatterns,
	author = {Lorenzo Isella and Juliette Stehlé and Alain Barrat and Ciro
                  Cattuto and Jean-François Pinton and Wouter Van den
                  Broeck}, 
	title = {What's in a Crowd? Analysis of Face-to-Face Behavioral Networks},
	journal = {J. of Theoretical Biology},
	volume = {271},
	number = {1},
	pages = {166--180},
	year = {2011},
}

@article{konect:duncan98,
  title = "Collective Dynamics of `Small-world' Networks",
  journal = "Nature",
  volume = "393",
  number = "1",
  pages = "440--442",
  year = "1998",
  author = "Duncan J. Watts and Steven H. Strogatz",
}


@article{konect:Rocha2010,
  author = {Rocha, Luis E. C. and Liljeros, Fredrik and Holme, Petter},
  journal = {Proc. of the National Academy of Sciences},
  number = 13,
  pages = {5706--5711},
  title = {Information Dynamics Shape the Sexual Networks of {Internet}-mediated Prostitution},
  volume = 107,
  year = 2010
}

@article{konect:bibsonomy,
	author = {Dominik Benz and Andreas Hotho and Robert Jäschke and
                  Beate Krause and Folke Mitzlaff and Christoph Schmitz
                  and Gerd Stumme},
	title = {The Social Bookmark and Publication Management System
                  {BibSonomy}},
	journal = {The VLDB J.},
	year = {2010},
	month = {dec},
	volume = {19},
	number = {6},
	pages = {849--875},
}

@article{konect:snap,
  author    = {Jure Leskovec and
               Kevin Lang and
               Anirban Dasgupta and
               Michael W. Mahoney},
  title     = {Community Structure in Large Networks: Natural Cluster Sizes
               and the Absence of Large Well-Defined Clusters},
  journal   = {Internet Mathematics},
  volume    = {6},
  number    = {1},
  year      = {2009},
  pages = {29--123},
}


@article{konect:opsahl09,
  author    = {Opsahl, Tore and Panzarasa, Pietro},
  title     = {Clustering in Weighted Networks},
  journal   = {Social Networks},
  volume    = {31},
  number = "2",
  pages = "155--163",
  year = "2009",
}

@article{konect:opsahl10,
  author    = {Opsahl, Tore and Panzarasa, Pietro},
  title     = {Triadic Closure in Two-mode Networks: Redefining the Global and Local Clustering Coefficients},
journal = "Social Networks",
volume = "34",
year = "2011",
}

@article{konect:newman01,
author = {Newman, Mark E. J.}, 
title = {The Structure of Scientific Collaboration Networks}, 
volume = {98}, 
number = {2}, 
pages = {404-409}, 
year = {2001}, 
journal = {Proceedings of the National Academy of Sciences} 
}

@book{konect:southernwomen,
    address = {Chicago},
    author = {Davis, Allison and Gardner, Burleigh B. and Gardner, Mary R.},
    publisher = {The University of Chicago Press},
    title = {Deep South; a Social Anthropological Study of Caste and Class},
    year = {1941}
}

@inproceedings{konect:wikisigned,
	title = {Building a Signed Network from Interactions in {Wikipedia}},
	author = {Silviu Maniu and Bogdan Cautis and Talel Abdessalem},
	booktitle = {Workshop on Databases and Social Networks},
	year = {2011},
	pages = {19--24},
}

@inproceedings{konect:facebook-sg, 
	author= {Minas Gjoka and Maciej Kurant and Carter T. Butts and Athina Markopoulou}, 
	title= {Walking in {Facebook}: A Case Study of Unbiased Sampling of {OSNs}}, 
	booktitle = {Proc. Conf. on Computer Communications},
	year = {2010},
	pages = {2498--2506},
}

@inproceedings{konect:maniu2011,
 author = {Maniu, Silviu and Abdessalem, Talel and Cautis, Bogdan},
 title = {Casting a Web of Trust over {Wikipedia}: An Interaction-based Approach},
 booktitle = {Proc. Int. Conference on World Wide Web Posters},
 year = {2011},
 pages = {87--88},
} 

@inproceedings{konect:icwsm10,
  author = {Meeyoung Cha and Hamed Haddadi and Fabricio Benevenuto and
                  Krishna P. Gummadi},  
  title = {Measuring User Influence in {Twitter}: The Million Follower
                  Fallacy}, 
  booktitle = {Proc. Int. Conf. on Weblogs and Social Media},
  year = {2010},
  pages = {10--17},
}

@inproceedings{konect:cho2011,
 author = {Cho, Eunjoon and Myers, Seth A. and Leskovec, Jure},
 title = {Friendship and Mobility: User Movement in Location-based Social Networks},
 booktitle = {Proc. Int. Conf. on Knowledge Discovery and Data Mining},
 year = {2011},
 pages = {1082--1090},
} 

@article{konect:ucidata-zachary,
	author = {Wayne Zachary},
	year = {1977},
	title = {An Information Flow Model for Conflict and Fission in Small Groups},
	journal = {J. of Anthropological Research},
	volume = {33},
	pages = {452--473},
}

@book{lastfm,
      	author = {Celma, {\`O}scar},
      	title = {Music Recommendation and Discovery in the Long Tail},
       	publisher = {Springer},
       	year = {2010},
}

@inproceedings{konect:slashdot-threads,
	author = {Vicenç Gómez and Andreas Kaltenbrunner and Vicente López},
	title = {Statistical Analysis of the Social Network and Discussion Threads in {Slashdot}},
	booktitle = {Proc. Int. World Wide Web Conf.},
	year = {2008},
	pages = {645--654},
}

@article{konect:eat,
	author = {George R. Kiss and Christine Armstrong and Robert Milroy},
	year = {1973},
	title = {An Associative Thesaurus of {English} and Its Computer Analysis},
	journal = {The Computer and Literary Studies},
	publisher = {Edinburgh: University Press}, 
}

@article{konect:adjnoun,
	title={Finding Community Structure in Networks using the Eigenvectors of Matrices},
	author = {Newman, Mark E. J.}, 
	journal={Physical Review E},
	volume={74},
	number={3},
	year={2006},
}

@misc{snap.stanford.edu,
      author = {Jure Leskovec},
      title = {Stanford Network Analysis Project},
      month = {March},
      year = {2010},
      howpublished = {\url{http://snap.stanford.edu/}},
}

@article{konect:albert1999,
author={Albert, Reka and Jeong, Hawoong and Barabási, Albert-Laszlo},
title={Internet: Diameter of the World-Wide Web},
journal={Nature},
year={1999},
month={Sep},
volume={401},
number={6749},
pages={130--131},
}

@misc{download.wikimedia.org,
	author = {{Wikimedia Foundation}},
	title = {Wikimedia Downloads},
	month = {January},
	year = {2010},
	howpublished = {\url{http://dumps.wikimedia.org/}},
}

@misc{www.grouplens.org/node/73,
	author = {{GroupLens Research}},
	title = {{MovieLens} Data Sets},
	month = {October},
	year = {2006},
	howpublished = {\url{http://www.grouplens.org/node/73}},
}

@misc{github,
	author = {Scott Chacon},
	title = {The 2009 {GitHub} Contest},
	month = {July},
	year = {2009},
	howpublished = {\url{https://github.com/blog/466-the-2009-github-contest}},
}

@misc{prosper,
	title = {Prosper Data Export},
	author = {{Prosper Marketplace, Inc.}},
	month = {October},
	year = {2010},
	note = {v1.2.6},
	howpublished = {\url{http://www.prosper.com/tools/DataExport.aspx}}, 
}

@misc{trec45,
	title = {{Text REtrieval Conference} ({TREC}) {English}
                  Documents},  
	author = {{National Institute of Standards and Technology}}, 
	year = {2010},
	month = {August},
	note = {Volume 4 {\&} 5},
	howpublished = {\url{http://trec.nist.gov/data/docs_eng.html}},
}

@inproceedings{yahoo-song,
	title = {The {Yahoo!} {Music} Dataset and {KDD-Cup'11}},
	author = {Gideon Dror and Noam Koenigstein and Yehuda Koren and Markus Weimer},
	booktitle = {JMLR Workshop and Conf. Proc.},
	volume = {18},
	pages = {3--18},
	year = {2012}, 
}

@inproceedings{said:social-similarity,
	title = {How Social Relationships Affect User Similarities},
	author = {Alan Said and De Luca, Ernesto W. and {\,{S}}ahin Albayrak},
	booktitle = {Proc. IUI Workshop on Social Recommender Systems},
	year = {2010},
}

@unpublished{neubauer:visualize.us,
	title = {Analysis of the {Visualize.us} Folksonomy},
	author = {Nicolas Neubauer and Klaus Obermayer}, 
	year = {2010},
	note = {Unpublished}, 
	_aka = {neubauer2010a}, 
}

@article{konect:opsahl2010b,
	title = {Node Centrality in Weighted Networks: Generalizing Degree and Shortest Paths},
	author = {Tore Opsahl and Filip Agneessens and John Skvoretz},
	journal = {Social Networks},
	year = {2010},
	number = {32},
	volume = {3},
	pages = {245--251},
}

@online{konect:opsahl11,
	title={Why {A}nchorage is not (that) important: {B}inary ties and {S}ample selection},
	author = {Tore Opsahl},
	year = {2011},
	url = {http://wp.me/poFcY-Vw}
}

@incollection{konect:McAuley2012,
	title ={Learning to Discover Social Circles in Ego Networks},
	author={Julian McAuley and Jure Leskovec},
	booktitle = {Advances in Neural Information Processing Systems},
	pages = {548--556},
	year = {2012},
}

@misc{konect:stackexchange,
	title = {{Stack} {Exchange} {Data} {Explorer}},
	author = {{Stack Exchange Inc.}},
	year = {2011},
	howpublished = {\url{http://data.stackexchange.com/}},
}

@inproceedings{konect:unlink,
	author = {Preusse, Julia and Kunegis, Jérôme and Thimm, Matthias and Gottron, Thomas and Staab, Steffen},
	booktitle = {Proc. Int. Conf. on Weblogs and Social Media},
	title = {Structural Dynamics of Knowledge Networks},
	year = {2013},
}

@article{konect:jester,
  title={{E}igentaste: {A} constant time collaborative filtering {A}lgorithm},
  author={Goldberg, Ken and Roeder, Theresa and Gupta, Dhruv and Perkins, Chris},
  journal={Information Retrieval},
  volume={4},
  number={2},
  pages={133--151},
  year={2001},
  publisher={Springer}
}

@inproceedings{konect:bookcrossing,
  title={Improving Recommendation Lists through Topic Diversification},
  author={Ziegler, Cai-Nicolas and McNee, Sean M. and Konstan, Joseph A. and Lausen, Georg},
  booktitle={Proc. Int. World Wide Web Conf.},
  pages={22--32},
  year={2005},
}

@inproceedings{konect:dependency1,
 author = {\v{S}ubelj, Lovro and Bajec, Marko},
 title = {Software Systems through Complex Networks Science: Review, Analysis and Applications},
 booktitle = {Proc. Int. Workshop on Software Mining},
 year = {2012},
 isbn = {978-1-4503-1560-9},
 pages = {9--16},
}

@article{konect:dependency2,
	title = {Community Structure of Complex Software Systems: Analysis and Applications},
	volume = {390},
	number = {16},
	journal = {Physica A: Statistical Mechanics and its Applications},
	author = {\v{S}ubelj, Lovro and Bajec, Marko},
	year = {2011},
	pages = {2968--2975}
}

@article{konect:dependency3,
	title = {Clustering Assortativity, Communities and Functional Modules in Real-World Networks},
	author = {\v{S}ubelj, Lovro and Bajec, Marko},
	year = {2012},
	note = {{arXiv:1202.3188}},
	pages = {21}
}

@inproceedings{konect:dependency4,
	title = {Model of Complex Networks based on Citation Dynamics},
	booktitle = {Proceedings of the {WWW} Workshop on Large Scale Network Analysis},
	author = {{\v S}ubelj, Lovro and Bajec, Marko},
	year = {2013},
	pages = {527--530},
}

@article{konect:eroads,
	title = {Robust network community detection using balanced propagation},
	volume = {81},
	number = {3},
	journal = {European Physical Journal B},
	author = {\v{S}ubelj, Lovro and Bajec, Marko},
	year = {2011},
	pages = {353--362}
}

@inproceedings{konect:radoslaw,
  year = {2011},
  volume = {87},
  booktitle = {Lecture Notes in Business Information Processing},
  title = {Matching Organizational Structure and Social Network Extracted from Email Communication},
  publisher = {Springer Berlin Heidelberg},
  author = {Michalski, Rados{\l}aw and Palus, Sebastian and Kazienko, Przemys{\l}aw},
  pages = {197--206}
}

@article{konect:foodweb,
  title={Network Analysis of Trophic Dynamics in {South} {Florida} Ecosystems, FY 99: The Graminoid Ecosystem},
  author={Ulanowicz, Robert E. and Heymans, Johanna J. and Egnotovich, Michael S.},
  journal={Annual Report to the United States Geological Service Biological Resources Division Ref. No.[UMCES] CBL 00-0176, Chesapeake Biological Laboratory, University of Maryland},
  year={2000}
} 

@inproceedings{konect:stevgong,
	title = {Evolution of Social-Attribute Networks: Measurements, Modeling, and Implications using {Google+}},
	author = {Neil Zhenqiang Gong and Wenchang Xu and Ling Huang and
                  Prateek Mittal and Emil Stefanov and Vyas Sekar and
                  Dawn Song}, 
	booktitle = {Proc. Internet Measurement Conf.},
	year = {2012},
	pages = {131--144},
}

@inproceedings{konect:mislove,
        title = {Measurement and Analysis of Online Social Networks}, 
        author = {Alan Mislove and Massimiliano Marcon and Krishna
                  P. Gummadi and Peter Druschel and Bobby
                  Bhattacharjee},  
        booktitle = {Proc. Internet Measurement Conf.}, 
        year = {2007}, 
}

@phdthesis{konect:mislove2,
        title = {Online Social Networks: Measurement, Analysis, and
                  Applications to Distributed Information Systems}, 
        author = {Alan Mislove},
        school = {Rice University},
        year = {2009}, 
}

@inproceedings{konect:dbpedia2,
        author = {Sören Auer and Christian Bizer and Georgi Kobilarov
                  and Jens Lehmann and Richard Cyganiak and Zachary
                  Ives},
        title = {{DBpedia}: A Nucleus for a Web of Open Data },
        booktitle = {Proc. Int. Semantic Web Conf.},    
        pages = {722--735},
        year = {2008},
}

@article{konect:reuters1,
        author = {Lewis, David D. and Yang, Yiming and Rose, Tony G. and Li, Fan},
        title = {{RCV1}: A New Benchmark Collection for Text
                  Categorization Research},  
        journal = {J. Machine Learning Research},
        year = {2004},
        volume = {5},
        pages = {361--397},
}

@inproceedings{konect:twitter1,
        title = {What is {Twitter}, a Social Network or a News Media?}, 
        author = {Haewoon Kwak and Changhyun Lee and Hosung Park and Sue Moon}, 
        booktitle = {Proc. Int. World Wide Web Conf.},
        year = {2010},
        pages = {591--600}, 
}


@article{konect:duch05,
        title = {Community Detection in Complex Networks using Extremal
                  Optimization}, 
        author = {Jordi Duch and Alex Arenas}, 
        journal = {Phys. Rev. E},
        volume = {72}, 
        number = {2}, 
        pages = {027104},
        year = {2005},
}

@article{konect:boguna,
        title = {Models of Social Networks based on Social Distance
                  Attachment},  
        author = {Marián Boguñá and Romualdo Pastor-Satorras and Albert
                  Díaz-Guilera and Alex Arenas}, 
        journal = {Phys. Rev. E}, 
        volume = {70},
        number = {5},
        year = {2004},
        pages = {056122},
}

@article{konect:guimera03,
        title = {Self-similar Community Structure in a Network of Human
                  Interactions},  
        author = {Roger Guimerà and Leon Danon and Albert Díaz-Guilera and
                  Francesc Giralt and Alex Arenas}, 
        journal = {Phys. Rev. E},
        volume = {68},
        number = {6},
        pages = {065103},
        year = {2003},
}

@inproceedings{konect:brozovsky07,
        author = {Lukáš Brožovský and Václav Petříček},
        title = {Recommender System for Online Dating Service},
        booktitle = {Proc. Znalosti},
        year = {2007},
        pages = {29--40},
}

@inproceedings{konect:DBLP,
        title = {The {DBLP} Computer Science Bibliography: Evolution,
                  Research Issues, Perspectives}, 
        author = {Michael Ley},
        booktitle = {Proc. Int. Symposium on String Processing and
                  Information Retrieval}, 
        year = {2002},
        pages = {1--10},
}

@article{konect:lewis04,
        author = {Lewis, David D. and Yang, Yiming and Rose, Tony G. and Li, Fan},
        title = {{RCV1}: A New Benchmark Collection for Text
                  Categorization Research},  
        journal = {J. Machine Learning Research},
        year = {2004},
        volume = {5},
        pages = {361--397},
}

@article{konect:eagle06,
        title = {{Reality} {Mining}: Sensing Complex Social Systems}, 
        author = {Eagle, Nathan and (Sandy) Pentland, Alex},
        journal = {Personal Ubiquitous Computing},
        volume = {10},
        number = {4},
        year = {2006},
        pages = {255--268},
}

@article{konect:chaintreau07,
        title = {Impact of Human Mobility on Opportunistic Forwarding Algorithms}, 
        author = {Augustin Chaintreau and Pan Hui and Jon Crowcroft and
                  Christophe Diot and Richard Gass and James Scott},
        journal = {IEEE Trans. on Mobile Computing},
        year = {2007},
        volume = {6},
        number = {6},
        pages = {606-620 },
}


@article{konect:kenneth54,
        author = {Kenneth E. Read},
        title = {Cultures of the {Central} {Highlands}, {New} {Guinea}},
        year = {1954},
        volume = {10},
        number = {1},
        journal = {Southwestern J. of Anthropology},
        pages = {1--43}, 
}


@article{konect:palla07,
        title = {Directed Network Modules}, 
        author = {Gergely Palla and Illés J. Farkas and Péter Pollner and Imre
                  Derényi and Tamás Vicsek},   
        journal = {New J. Phys.},
        volume = {9},
        number = {6},
        pages = {186},
        year = {2007},
}

@inproceedings{konect:klimt04,
    author = {Bryan Klimt and Yiming Yang},
    title = {The {Enron} Corpus: A New Dataset for Email Classification Research},
    booktitle = {Proc. European Conf. on Machine Learning},
    year = {2004},
    pages = {217--226}
}

@book{konect:fellbaum98,
        title = {{WordNet}: an Electronic Lexical Database}, 
        editor = {Christiane Fellbaum}, 
        publisher = {MIT Press}, 
        year = {1998},
}

@inproceedings{konect:massa05,
        title = {Controversial Users Demand Local Trust Metrics: an
                  Experimental Study on {epinions.com} Community},
        author = {Paolo Massa and Paolo Avesani},
        booktitle = {Proc. American Association for Artificial
                  Intelligence Conf.},
        year = {2005},
        pages = {121--126},
}

@inproceedings{konect:massa09,
        title = {Bowling Alone and Trust Decline in Social Network Sites},
        author = {Paolo Massa and Martino Salvetti and Danilo Tomasoni},
        booktitle = {Proc. Int. Conf. Dependable, Autonomic and Secure Computing},
        year = {2009},
        pages = {658--663},
}

@article{konect:zhang05,
        title = {Collecting the {Internet} {AS}-level Topology},
        author = {Zhang, Beichuan and Liu, Raymond and Massey, Daniel
                  and Zhang, Lixia}, 
        journal = {SIGCOMM Computer Communication Review},
        volume = {35},
        number = {1},
        year = {2005},
        pages = {53--61},
}

@article{konect:emamy07,
        author = {Emamy, Kevin and Cameron, Richard},
        journal = {Ariadne},
        number = {51},
        title = {{CiteULike}: A Researcher's Social Bookmarking Service},
        year = {2007}
}

@inproceedings{konect:choudhury09,
        title = {Social Synchrony: Predicting Mimicry of User Actions in
                  Online Social Media},  
        author = {Choudhury, Munmun De and Sundaram, Hari and John,
                  Ajita and Seligmann, Dorée Duncan}, 
        booktitle = {Proc. Int. Conf. on Computational Science and
                  Engineering},  
        year = {2009}, 
        pages = {151--158}, 
}

@inproceedings{konect:choudhury10,
        title = {How Does the Data Sampling Strategy Impact the
                  Discovery of Information Diffusion in Social Media?},
        author = {Choudhury, Munmun De and Yu-Ru Lin and Hari Sundaram and
                  Candan, K. Selçuk and Lexing Xie and Aisling
                  Kelliher}, 
        booktitle = {ICWSM}, 
        year = {2010}, 
        pages = {34--41}, 
}

@inproceedings{viswanath09,
        author = {Viswanath, Bimal and Mislove, Alan and Cha, Meeyoung
                  and Gummadi, Krishna P.},
        title = {On the Evolution of User Interaction in {Facebook}},
        booktitle = {Proc. Workshop on Online Social Networks},
        year = {2009},
        pages = {37--42},
 }

@article{konect:leskovec07,
        title = {The Dynamics of Viral Marketing},
        author = {Jure Leskovec and Lada A. Adamic and Bernardo
                  A. Huberman},
        journal = {ACM Trans. on the Web},
        year = {2007},
        volume = {1},
        number = {1}, 
}

@article{konect:leskovec107,
        title = {Graph Evolution: Densification and Shrinking
                  Diameters},
        author = {Jure Leskovec and Jon Kleinberg and Christos
                  Faloutsos}, 
        journal = {ACM Trans. Knowledge Discovery from Data},   
        year = {2007},
        volume = {1},
        number = {1},
        pages = {1--40},
}

@inproceedings{konect:leskovec2012,
  title={Defining and {E}valuating {N}etwork {C}ommunities based on {G}round-truth},
  author={Yang, Jaewon and Leskovec, Jure},
  booktitle={Proceedings of the ACM SIGKDD Workshop on Mining Data Semantics},
  pages={3},
  year={2012},
  organization={ACM}
}

@inproceedings{konect:leskovec207,
        title = {Governance in Social Media: A Case Study of the
                  {Wikipedia} Promotion Process},  
        author = {Jure Leskovec and Daniel Huttenlocher and Jon
                  Kleinberg},
        booktitle = {Proc. Int. Conf. on Weblogs and Social Media},
        year = {2010},
}

@inproceedings{konect:leskovec08,
        title = {Statistical Properties of Community Structure in Large
                  Social and Information Networks}, 
        author = {Jure Leskovec and Kevin J. Lang and Anirban Dasgupta
                  and Michael W. Mahoney},
        booktitle = {Proc. Int. World Wide Web Conf.},
        year = {2008},
        pages = {695--704},
}

@article{konect:ripeanu02,
        title = {Mapping the {Gnutella} Network:  Properties of
                  Large-scale Peer-to-peer Systems and Implications for
                  System Design},  
        author = {Matei Ripeanu and Ian Foster and Adriana Iamnitchi},
        journal = {IEEE Internet Computing J.},
        year = {2002},
        volume = {6},
}

@inproceedings{konect:bennett07,
        title = {The {Netflix} Prize},
        author = {James Bennett and Stan Lanning},
        year = {2007},
        booktitle = {Proc. KDD Cup},
        pages = {3--6},
}
