

@book{newton,
	author = {Isaac Newton},
	title = {Philosophiæ Naturalis Principia Mathematica},
	year = {1687},
	note = {First edition}, 
}

@article{hesse,
	title = {Action at a Distance in Classical Physics},
	author = {Mary B. Hesse},
	year = {1955},
	journal = {Isis},
	volume = {46},
	number = {4},
	pages = {337--353},
}

@article{einstein,
	title = {Die Grundlagen der allgemeinen Relativitätstheorie},
	author = {Albert Einstein},
	journal = {Ann. Phys.},
	volume = {49},
	pages = {769--822},
	year = {1916},
}
