
@book{newton,
	author = {Isaac Newton},
	title = {Philosophiæ Naturalis Principia Mathematica},
	year = {1687},
	note = {First edition}, 
}

@article{hesse,
	title = {Action at a Distance in Classical Physics},
	author = {Mary B. Hesse},
	year = {1955},
	journal = {Isis},
	volume = {46},
	number = {4},
	pages = {337--353},
}

@article{einstein,
	title = {Die {Grundlagen} der allgemeinen {Relativitätstheorie}},
	author = {Albert Einstein},
	journal = {Ann. Phys.},
	volume = {49},
	pages = {769--822},
	year = {1916},
}

@article{vazquez2003growing,
	title={Growing Network with Local Rules: Preferential
                  Attachment, Clustering Hierarchy, and Degree
                  Correlations}, 
	author={Vázquez, Alexei},
	journal={Phys. Rev. E},
	volume={67},
	number={5},
	pages={056104},
	year={2003},
}

@article{holme2002growing,
	title={Growing Scale-free Networks with Tunable Clustering},
	author={Holme, Petter and Kim, Beom Jun},
	journal={Phys. Rev. E},
	volume={65},
	number={2},
	pages={026107},
	year={2002},
}

@article{newman2001clustering,
	title={Clustering and Preferential Attachment in Growing Networks},
	author={Newman, Mark E. J.},
	journal={Phys. Rev. E},
	volume={64},
	number={2},
	pages={025102},
	year={2001},
}

@article{klimek2013triadic,
	title={Triadic Closure Dynamics Drives Scaling Laws in Social Multiplex Networks},
	author={Klimek, Peter and Thurner, Stefan},
	journal={New J. of Phys.},
	volume={15},
	number={6},
	pages={063008},
	year={2013},
}

@article{rapoport1953spread,
	title={Spread of Information through a Population with
                  Socio-structural Bias: {II}. {Various} Models with Partial
                  Transitivity}, 
	author={Rapoport, Anatol},
	journal = {The Bull. of Math. Biophys.},
	volume={15},
	number={4},
	pages={535--546},
	year={1953},
}

@article{kossinets2006empirical,
	title={Empirical Analysis of an Evolving Social Network},
	author={Kossinets, Gueorgi and Watts, Duncan J.},
	journal = {Science},
	volume={311},
	number={5757},
	pages={88--90},
	year={2006},
}

@article{network-science,
	author = {Börner, Katy and Sanyal, Soma and Vespignani, Alessandro},
	title = {Network Science},
	journal = {Annual Rev. of Information Science and Technology},
	volume = {41},
	number = {1},
	issn = {1550-8382},
	url_ = {http://dx.doi.org/10.1002/aris.2007.1440410119},
	doi_ = {10.1002/aris.2007.1440410119},
	pages = {537--607},
	year = {2007},
}

@book{newman2010networks,
  title={Networks: An introduction},
  author={Newman, Mark E. J.},
  year={2010},
  publisher={Oxford University Press}
}


@article{web-science,
	author = {Hendler, James and Shadbolt, Nigel and Hall, Wendy and
                  Berners-Lee, Tim and Weitzner, Daniel},  
	title = {Web Science: An Interdisciplinary Approach to Understanding the Web},
	journal = {Commun. ACM},
	volume = {51},
	number = {7},
	year = {2008},
	issn = {0001-0782},
	pages = {60--69},
	numpages = {10},
	url_ = {http://doi.acm.org/10.1145/1364782.1364798},
	doi_ = {10.1145/1364782.1364798},
	acmid = {1364798},
}

@article{vector-space-model,
	author = {Salton, G. and Wong, A. and Yang, C. S.},
	title = {A Vector Space Model for Automatic Indexing},
	journal = {Commun. ACM},
	issue_date = {Nov. 1975},
	volume = {18},
	number = {11},
	month = nov,
	year = {1975},
	issn = {0001-0782},
	pages = {613--620},
	numpages = {8},
	url_ = {http://doi.acm.org/10.1145/361219.361220},
	doi_ = {10.1145/361219.361220},
	acmid = {361220},
	publisher = {ACM},
	address = {New York, NY, USA},
	keywords = {automatic indexing, automatic information retrieval, content analysis, document space},
} 

@article{tiropanis2015,
	author = {Tiropanis, Thanassis and Hall, Wendy and Crowcroft, Jon and Contractor, Noshir and Tassiulas, Leandros},
	title = {Network Science, Web Science, and Internet Science},
	journal = {Commun. ACM},
	issue_date = {August 2015},
	volume = {58},
	number = {8},
        year = {2015},
	issn = {0001-0782},
	pages = {76--82},
	numpages = {7},
	url_ = {http://doi.acm.org/10.1145/2699416},
	doi_ = {10.1145/2699416},
	acmid = {2699416},
	publisher = {ACM},
	address = {New York, NY, USA},
}

@article{kitsak2011,
	title = {Hidden Variables in Bipartite Networks},
	author = {Maksim Kitsak and Dmitri Krioukov},
	journal = {Phys. Rev. E},
	volume = {84},
	pages = {026114},
	year = {2011},
	url_ = {http://journals.aps.org/pre/abstract/10.1103/PhysRevE.84.026114},
}

@article{papadopoulos2012popularity,
	title={Popularity versus Similarity in Growing Networks},
	author={Papadopoulos, Fragkiskos and Kitsak, Maksim and Serrano, M. 
                  \'{A}ngeles and Boguñá, Marián and Krioukov,
                  Dmitri},  
	journal = {Nature},
	volume={489},
	number={7417},
	pages={537--540},
	year={2012},
}

@article{boguna2003class,
	title={Class of Correlated Random Networks with Hidden Variables},
	author={Boguñá, Marián and Pastor-Satorras, Romualdo},
	journal={Phys. Rev. E},
	volume={68},
	number={3},
	pages={036112},
	year={2003},
}

@article{barabasi2012network,
	title={Network Science: Luck or Reason},
	author={Barabási, Albert-László},
	journal={Nature},
	volume={489},
	number={7417},
	pages={507--508},
	year={2012},
}

@book{simmel1950sociology,
	title={The Sociology of {Georg} {Simmel}},
	author={Simmel, Georg and Wolff, Kurt H.},
	year={1950},
	publisher={Simon and Schuster}
}

@book{heider2013psychology,
	title={The Psychology of Interpersonal Relations},
	author={Heider, Fritz},
	year={2013},
	publisher={Psychol. Press}
}

@article{jeong2000large,
	title={The Large-Scale Organization of Metabolic Networks},
	author={Jeong, Hawoong and Tombor, Bálint and Albert, Réka and
                  Oltvai, Zoltan N and Barabási, Albert-László}, 
	journal={Nature},
	volume={407},
	number={6804},
	pages={651--654},
	year={2000},
}

@article{jeong2001lethality,
	title={Lethality and Centrality in Protein Networks},
	author={Jeong, Hawoong and Mason, Sean P. and Barabási, Albert-László and Oltvai, Zoltan N.},
	journal={Nature},
	volume={411},
	number={6833},
	pages={41--42},
	year={2001},
}

@article{kivela2014multilayer,
	title={Multilayer Networks},
	author={Kivelä, Mikko and Arenas, Alex and Barthelemy, Marc and
                  Gleeson, James P. and Moreno, Yamir and Porter, Mason
                  A.}, 
	journal={J. of Complex Networks},
	volume={2},
	number={3},
	pages={203--271},
	year={2014},
}

@inproceedings{adamic1999small,
	title={The Small World Web},
	author={Adamic, Lada A.},
	booktitle={Int. Conf. on Theory and Practice of Digital Libraries},
	pages={443--452},
	year={1999},
}

@article{boguna2004cut,
	title={Cut-offs and Finite Size Effects in Scale-free Networks},
	author={Boguñá, Marián and Pastor-Satorras, Romualdo and Vespignani, Alessandro},
	journal={Eur. Phys. J. B},
	volume={38},
	number={2},
	pages={205--209},
	year={2004},
}

@article{clauset2009power,
	title={Power-law Distributions in Empirical Data},
	author={Clauset, Aaron and Shalizi, Cosma Rohilla and Newman, Mark E. J.},
	journal={SIAM Review},
	volume={51},
	number={4},
	pages={661--703},
	year={2009},
}

@article{shalizi2011homophily,
	title={Homophily and Contagion Are Generically Confounded in Observational Social Network Studies},
	author={Shalizi, Cosma Rohilla and Thomas, Andrew C.},
	journal={Sociological Methods and Research},
	volume={40},
	number={2},
	pages={211--239},
	year={2011},
}

@article{evans2005,
	title = {Scale-free Networks from Self-organization},
	author = {Evans, T. S. and Saramäki, J. P.},
	journal = {Phys. Rev. E},
	volume = {72},
	number = {2},
	pages = {026138},
	year = {2005},
	_notes = {
		A random graph model in which new nodes are attached to
                  existing nodes in the following way:  Choose a
                  node at random, do a random walk of length L, and
                  attach to the found node. 
	}
}
