% Encoding: UTF-8

@Book{newton,
  title     = {Philosophiæ Naturalis Principia Mathematica},
  publisher = {Edmund Halley},
  year      = {1687},
  author    = {Isaac Newton},
  address   = {Oxford, UK},
  note      = {First edition},
}

@Article{hesse,
  author  = {Mary B. Hesse},
  title   = {Action at a Distance in Classical Physics},
  journal = {Isis},
  year    = {1955},
  volume  = {46},
  number  = {4},
  pages   = {337--353},
  doi     = {10.1086/348429},
}

@Article{einstein,
  author  = {Albert Einstein},
  title   = {Die {Grundlagen} der allgemeinen {Relativitätstheorie}},
  journal = {Annalen der Physik},
  year    = {1916},
  volume  = {49},
  pages   = {769--822},
  doi     = {10.1002/andp.19163540702},
}

@Article{vazquez2003growing,
  author  = {Vázquez, Alexei},
  title   = {Growing Network with Local Rules: Preferential Attachment, Clustering Hierarchy, and Degree Correlations},
  journal = {Physical Review E},
  year    = {2003},
  volume  = {67},
  number  = {5},
  pages   = {056104},
  doi     = {10.1103/PhysRevE.67.056104},
}

@Article{holme2002growing,
  author  = {Holme, Petter and Kim, Beom Jun},
  title   = {Growing Scale-free Networks with Tunable Clustering},
  journal = {Physical Review E},
  year    = {2002},
  volume  = {65},
  number  = {2},
  pages   = {026107},
  doi     = {10.1103/PhysRevE.65.026107},
}

@Article{newman2001clustering,
  author  = {Newman, Mark E. J.},
  title   = {Clustering and Preferential Attachment in Growing Networks},
  journal = {Physical Review E},
  year    = {2001},
  volume  = {64},
  number  = {2},
  pages   = {025102},
  doi     = {10.1103/PhysRevE.64.025102},
}

@Article{klimek2013triadic,
  author  = {Klimek, Peter and Thurner, Stefan},
  title   = {Triadic Closure Dynamics Drives Scaling Laws in Social Multiplex Networks},
  journal = {New Journal of Physics},
  year    = {2013},
  volume  = {15},
  number  = {6},
  pages   = {063008},
  doi     = {10.1088/1367-2630/15/6/063008},
}

@Article{rapoport1953spread,
  author  = {Rapoport, Anatol},
  title   = {Spread of Information through a Population with Socio-structural Bias: {II}. {Various} Models with Partial Transitivity},
  journal = {The bulletin of mathematical biophysics},
  year    = {1953},
  volume  = {15},
  number  = {4},
  pages   = {535--546},
  doi     = {10.1007/BF02476441},
}

@Article{kossinets2006empirical,
  author  = {Kossinets, Gueorgi and Watts, Duncan J.},
  title   = {Empirical Analysis of an Evolving Social Network},
  journal = {Science},
  year    = {2006},
  volume  = {311},
  number  = {5757},
  pages   = {88--90},
  doi     = {10.1126/science.1116869},
}

@Article{network-science,
  author  = {Börner, Katy and Sanyal, Soma and Vespignani, Alessandro},
  title   = {Network Science},
  journal = {Annual Review of Information Science and Technology},
  year    = {2007},
  volume  = {41},
  number  = {1},
  pages   = {537--607},
  doi     = {10.1002/aris.2007.1440410119},
  doi_    = {10.1002/aris.2007.1440410119},
  issn    = {1550-8382},
  url_    = {http://dx.doi.org/10.1002/aris.2007.1440410119},
}

@Book{newman2010networks,
  title     = {Networks: An introduction},
  publisher = {Oxford University Press},
  year      = {2010},
  author    = {Newman, Mark E. J.},
  address   = {Oxford, UK},
}

@Article{web-science,
  author   = {Hendler, James and Shadbolt, Nigel and Hall, Wendy and Berners-Lee, Tim and Weitzner, Daniel},
  title    = {Web Science: An Interdisciplinary Approach to Understanding the {Web}},
  journal  = {Communications of the ACM},
  year     = {2008},
  volume   = {51},
  number   = {7},
  pages    = {60--69},
  acmid    = {1364798},
  doi      = {10.1145/1364782.1364798},
  doi_     = {10.1145/1364782.1364798},
  issn     = {0001-0782},
  numpages = {10},
  url_     = {http://doi.acm.org/10.1145/1364782.1364798},
}

@Article{vector-space-model,
  author     = {Salton, G. and Wong, A. and Yang, C. S.},
  title      = {A Vector Space Model for Automatic Indexing},
  journal    = {Communications of the ACM},
  year       = {1975},
  volume     = {18},
  number     = {11},
  pages      = {613--620},
  month      = nov,
  acmid      = {361220},
  address    = {New York, NY, USA},
  doi        = {10.1145/361219.361220},
  doi_       = {10.1145/361219.361220},
  issn       = {0001-0782},
  issue_date = {Nov. 1975},
  keywords   = {automatic indexing, automatic information retrieval, content analysis, document space},
  numpages   = {8},
  publisher  = {ACM},
  url_       = {http://doi.acm.org/10.1145/361219.361220},
}

@Article{tiropanis2015,
  author     = {Tiropanis, Thanassis and Hall, Wendy and Crowcroft, Jon and Contractor, Noshir and Tassiulas, Leandros},
  title      = {Network Science, {Web} Science, and Internet Science},
  journal    = {Communications of the ACM},
  year       = {2015},
  volume     = {58},
  number     = {8},
  pages      = {76--82},
  acmid      = {2699416},
  address    = {New York, NY, USA},
  doi        = {10.1145/2699416},
  doi_       = {10.1145/2699416},
  issn       = {0001-0782},
  issue_date = {August 2015},
  numpages   = {7},
  publisher  = {ACM},
  url_       = {http://doi.acm.org/10.1145/2699416},
}

@Article{kitsak2011,
  author  = {Maksim Kitsak and Dmitri Krioukov},
  title   = {Hidden Variables in Bipartite Networks},
  journal = {Physical Review E},
  year    = {2011},
  volume  = {84},
  pages   = {026114},
  doi     = {10.1103/PhysRevE.84.026114},
  url_    = {http://journals.aps.org/pre/abstract/10.1103/PhysRevE.84.026114},
}

@Article{papadopoulos2012popularity,
  author  = {Papadopoulos, Fragkiskos and Kitsak, Maksim and Serrano, M. \'{A}ngeles and Boguñá, Marián and Krioukov, Dmitri},
  title   = {Popularity versus Similarity in Growing Networks},
  journal = {Nature},
  year    = {2012},
  volume  = {489},
  number  = {7417},
  pages   = {537--540},
  doi     = {10.1038/nature11459},
}

@Article{boguna2003class,
  author  = {Boguñá, Marián and Pastor-Satorras, Romualdo},
  title   = {Class of Correlated Random Networks with Hidden Variables},
  journal = {Physical Review E},
  year    = {2003},
  volume  = {68},
  number  = {3},
  pages   = {036112},
  doi     = {10.1103/PhysRevE.68.036112},
}

@Article{barabasi2012network,
  author  = {Barabási, Albert-László},
  title   = {Network Science: Luck or Reason},
  journal = {Nature},
  year    = {2012},
  volume  = {489},
  number  = {7417},
  pages   = {507--508},
  doi     = {1038/nature11486},
}

@Book{simmel1950sociology,
  title     = {The Sociology of {Georg} {Simmel}},
  publisher = {Simon and Schuster},
  year      = {1950},
  author    = {Simmel, Georg and Wolff, Kurt H.},
  address   = {New York City, USA},
}

@Book{heider2013psychology,
  title     = {The Psychology of Interpersonal Relations},
  publisher = {Psychology Press},
  year      = {2013},
  author    = {Heider, Fritz},
  address   = {Abingdon, UK},
}

@Article{jeong2000large,
  author  = {Jeong, Hawoong and Tombor, Bálint and Albert, Réka and Oltvai, Zoltan N and Barabási, Albert-László},
  title   = {The Large-Scale Organization of Metabolic Networks},
  journal = {Nature},
  year    = {2000},
  volume  = {407},
  number  = {6804},
  pages   = {651--654},
  doi     = {10.1038/35036627},
}

@Article{jeong2001lethality,
  author  = {Jeong, Hawoong and Mason, Sean P. and Barabási, Albert-László and Oltvai, Zoltan N.},
  title   = {Lethality and Centrality in Protein Networks},
  journal = {Nature},
  year    = {2001},
  volume  = {411},
  number  = {6833},
  pages   = {41--42},
  doi     = {10.1038/35075138},
}

@Article{kivela2014multilayer,
  author  = {Kivelä, Mikko and Arenas, Alex and Barthelemy, Marc and Gleeson, James P. and Moreno, Yamir and Porter, Mason A.},
  title   = {Multilayer Networks},
  journal = {Journal of Complex Networks},
  year    = {2014},
  volume  = {2},
  number  = {3},
  pages   = {203--271},
  doi     = {10.1093/comnet/cnu016},
}

@InProceedings{adamic1999small,
  author    = {Adamic, Lada A.},
  title     = {The Small World {Web}},
  booktitle = {International Conference on Theory and Practice of Digital Libraries},
  year      = {1999},
  pages     = {443--452},
  doi       = {10.1007/3-540-48155-9\_27},
}

@Article{boguna2004cut,
  author  = {Boguñá, Marián and Pastor-Satorras, Romualdo and Vespignani, Alessandro},
  title   = {Cut-offs and Finite Size Effects in Scale-free Networks},
  journal = {European Physical Journal B},
  year    = {2004},
  volume  = {38},
  number  = {2},
  pages   = {205--209},
  doi     = {10.1140/epjb/e2004-00038-8},
}

@Article{clauset2009power,
  author  = {Clauset, Aaron and Shalizi, Cosma Rohilla and Newman, Mark E. J.},
  title   = {Power-law Distributions in Empirical Data},
  journal = {SIAM Review},
  year    = {2009},
  volume  = {51},
  number  = {4},
  pages   = {661--703},
  doi     = {10.1137/070710111},
}

@Article{shalizi2011homophily,
  author  = {Shalizi, Cosma Rohilla and Thomas, Andrew C.},
  title   = {Homophily and Contagion Are Generically Confounded in Observational Social Network Studies},
  journal = {Sociological Methods and Research},
  year    = {2011},
  volume  = {40},
  number  = {2},
  pages   = {211--239},
  doi     = {10.1177/0049124111404820},
}

@Article{evans2005,
  author  = {Evans, T. S. and Saramäki, J. P.},
  title   = {Scale-free Networks from Self-organization},
  journal = {Physical Review E},
  year    = {2005},
  volume  = {72},
  number  = {2},
  pages   = {026138},
  _notes  = { A random graph model in which new nodes are attached to existing nodes in the following way: Choose a node at random, do a random walk of length L, and attach to the found node. },
  doi     = {10.1103/PhysRevE.72.026138},
}

@Comment{jabref-meta: databaseType:bibtex;}
